<?xml version="1.0" encoding="UTF-8"?><collection xmlns="http://www.loc.gov/MARC21/slim"><record><leader>00335nam--2200133-i-4500</leader><controlfield tag="001">000027418</controlfield><controlfield tag="002">20161230</controlfield><controlfield tag="005">20161230201036</controlfield><controlfield tag="008">060222s1000------------r-----000-0-eng-d</controlfield><datafield ind1=" " ind2=" " tag="080"><subfield code="a">621.374.3</subfield></datafield><datafield ind1=" " ind2=" " tag="100"><subfield code="a">Kinter, Paulm</subfield></datafield><datafield ind1=" " ind2=" " tag="245"><subfield code="a">Electronic digital techniques</subfield></datafield><datafield ind1=" " ind2=" " tag="260"><subfield code="a">New York, Mcgraw-hill Book Co., 1968. Xi+315p</subfield></datafield><datafield ind1=" " ind2=" " tag="852"><subfield code="a">32876</subfield></datafield></record></collection>